<record><leader>00000cas a2200000 a 4500</leader><controlfield tag="001">55059194</controlfield><controlfield tag="008">040430d19231923caudr n       0    0eng c</controlfield><datafield ind1=" " ind2=" " tag="010"><subfield code="a">sn2004061205</subfield></datafield><datafield ind1=" " ind2=" " tag="040"><subfield code="a">CNK</subfield><subfield code="b">eng</subfield><subfield code="c">CNK</subfield><subfield code="d">OCLCQ</subfield><subfield code="d">OCLCF</subfield><subfield code="d">OCLCO</subfield></datafield><datafield ind1="1" ind2=" " tag="029"><subfield code="a">AU@</subfield><subfield code="b">000025511348</subfield></datafield><datafield ind1=" " ind2=" " tag="042"><subfield code="a">pcc</subfield></datafield><datafield ind1=" " ind2=" " tag="043"><subfield code="a">n-us-ca</subfield></datafield><datafield ind1="0" ind2="0" tag="245"><subfield code="a">Orange County news-herald.</subfield></datafield><datafield ind1="1" ind2=" " tag="246"><subfield code="i">Sunday issues published as:</subfield><subfield code="a">Sunday Orange County news-herald</subfield><subfield code="f">Apr. 29-May 27, 1923</subfield></datafield><datafield ind1=" " ind2=" " tag="260"><subfield code="a">Anaheim, Calif. :</subfield><subfield code="b">Noel Berry</subfield></datafield><datafield ind1=" " ind2=" " tag="300"><subfield code="a">v.</subfield></datafield><datafield ind1=" " ind2=" " tag="310"><subfield code="a">Daily</subfield></datafield><datafield ind1="0" ind2=" " tag="362"><subfield code="a">Vol. 10, no. 123 (Apr. 10, 1923)-v. 10, no. 172 (May 30, 1923).</subfield></datafield><datafield ind1=" " ind2=" " tag="515"><subfield code="a">Sunday issues for &lt;Apr. 22&gt;-Apr. 29, 1923 called &lt;v.2, no. 156&gt;-v. 2, no. 163.</subfield></datafield><datafield ind1=" " ind2="0" tag="651"><subfield code="a">Orange County (Calif.)</subfield><subfield code="v">Newspapers.</subfield></datafield><datafield ind1=" " ind2="7" tag="655"><subfield code="a">Newspapers.</subfield><subfield code="2">fast</subfield><subfield code="0">(OCoLC)fst01423814</subfield></datafield><datafield ind1=" " ind2="7" tag="651"><subfield code="a">California</subfield><subfield code="z">Orange County.</subfield><subfield code="2">fast</subfield><subfield code="0">(OCoLC)fst01206289</subfield></datafield><datafield ind1=" " ind2=" " tag="752"><subfield code="a">United States</subfield><subfield code="b">California</subfield><subfield code="c">Orange</subfield><subfield code="d">Anaheim.</subfield></datafield><datafield ind1="0" ind2="0" tag="780"><subfield code="t">Orange County daily herald</subfield><subfield code="w">(DLC)sn2004061204</subfield></datafield><datafield ind1="0" ind2="5" tag="780"><subfield code="t">Sunday Orange County news-herald</subfield><subfield code="w">(DLC)sn2004061207</subfield></datafield><datafield ind1="0" ind2="0" tag="785"><subfield code="t">Anaheim daily herald (Anaheim, Calif. : 1923)</subfield><subfield code="w">(DLC)sn2004061206</subfield></datafield></record>